3098 5022
504 608 842 695 APPENDIX

337 809 575 872 spumeus
595 811 687 872 aun
709 809 1007 872 Anuuouuurs

120 977 193 1043 [ms
204 979 299 1028 words
309 978 450 1030 embodied
461 978 493 1028 iu
504 979 552 1029 the
563 981 623 1028 text
636 994 682 1029 are
693 979 896 1043 distinguished
908 979 978 1030 irum
990 980 1037 1030 the
1049 979 1217 1044 conjecturat

528 1045 653 1109 readings
665 1047 700 1109 by
710 1045 823 1109 italica]

103 1157 195 1219 Souu
209 1156 402 1234 conjectura]
416 1157 566 1236 readings,
582 1158 770 1236 principally
785 1158 829 1237 by
842 1157 985 1236 Krueger
997 1157 1059 1220 and
1074 1159 1272 1221 Studemund

66 1239 128 1299 and
156 1240 203 1317 by
228 1239 390 1310 Huschke,
415 1241 467 1300 too
489 1242 650 1300 uncertain
674 1240 724 1300 ior
746 1239 919 1300 admission
941 1241 1010 1300 into
1033 1241 1089 1300 the
1113 1244 1188 1317 text,
1214 1243 1273 1304 but

66 1319 215 1382 followed
231 1341 321 1380 more
334 1341 370 1381 or
384 1319 446 1380 less
459 1321 575 1399 closely
588 1320 624 1381 iu
637 1321 692 1382 the
706 1321 902 1395 translation,
919 1340 972 1380 are
986 1321 1060 1382 here
1075 1324 1245 1400 appended.

66 1401 213 1544 11111ξ43.
238 1403 341 1478 Neque
358 1403 461 1479 pluras
479 1423 574 1481 quam
596 1403 626 1463 D
650 1421 756 1465 servos
777 1403 923 1464 habentis
944 1404 1065 1463 mentio
1087 1403 1122 1464 iu
1145 1425 1181 1466 ea
1204 1405 1271 1483 lege

106 1483 206 1546 betur.

107 1566 149 1642 1§
165 1570 215 1627 56.
241 1565 355 1643 Itaque
368 1563 485 1626 liberos
504 1583 579 1627 suos
598 1565 634 1626 in
653 1567 806 1645 potestate
826 1565 943 1628 habent
963 1565 1045 1626 cives
1066 1565 1209 1643 Romani,
1231 1569 1266 1644 si,

65 1649 126 1722 dc,
143 1650 198 1708 &c

105 1729 211 1805 1573.
236 1728 329 1805 &ejece
352 1729 458 1790 mistis
470 1729 558 1804 filicae
575 1731 622 1806 sit,
642 1728 705 1790 nisi
722 1727 803 1788 forte
821 1748 929 1790 eorum
947 1727 1069 1806 aliquis,
1092 1728 1147 1806 qui
1168 1729 1270 1808 siege

65 1809 156 1870 Aelia
180 1811 293 1871 Sentia
315 1809 556 1871 matrimonium
579 1831 613 1872 se
636 1810 818 1871 contrahere
840 1809 1127 1889 putarintverroris
1145 1829 1270 1872 oausam

64 1891 192 1966 probare
200 1891 296 1965 velit3
309 1893 346 1952 ab
355 1893 407 1952 tec
417 1894 503 1967 cuim,
515 1897 579 1962 dc,
590 1895 660 1953 duc..
673 1935 681 1953 .
692 1936 700 1952 .
712 1895 789 1967 qtacd
798 1893 838 1952 ud
848 1894 1071 1968 curruumque
1081 1909 1271 1969 caueampro

67 1972 193 2034 bandum
207 1972 334 2049 attinet,
349 1971 517 2034 anniculus
538 1973 623 2033 filius
643 1992 709 2033 esse
730 1973 847 2050 debeat,
863 1973 918 2034 sed
938 1993 1004 2033 non
1024 1993 1148 2051 semper
1167 1974 1270 2035 videri

67 2051 156 2193 gebat
175 2054 324 2133 generale
339 2055 393 2132 jus
412 2055 580 2115 inductum
599 2075 672 2114 cum
690 2056 851 2131 imperator
864 2054 1031 2133 epistulam
1052 2055 1090 2115 ad
1113 2055 1269 2133 quendam

107 2217 217 2292 1578.
251 2219 336 2294 Quod
356 2223 456 2278 autem
479 2219 606 2279 dabimus
627 2219 707 2278 inter
727 2219 817 2279 cicun
840 2219 1006 2280 &omnum
1023 2219 1269 2295 parcentemque

69 2300 223 2360 contracto
245 2299 450 2360 matrimonio
468 2319 542 2360 eum
561 2301 612 2375 qui
627 2303 761 2361 noscitu
772 2303 964 2376 perstrictum
983 2317 1050 2374 esec,
1068 2301 1125 2374 lape
1138 2303 1270 2362 Minicio

68 2384 188 2455 cauetur,
228 2401 292 2460 qua
325 2381 391 2458 lege
426 2381 572 2441 effectum
600 2385 650 2456 eet,
679 2385 715 2441 ut
740 2381 767 2442 ai
798 2381 1038 2441 matrimonium
1071 2381 1154 2441 iuter
1184 2383 1269 2444 cives

67 2456 222 2556 Romanas
236 2465 477 2540 peregrinosque
495 2483 560 2523 non
578 2461 806 2523 interveniente
827 2462 960 2524 conubio
978 2463 1182 2524 contrahatur
1195 2483 1269 2524 eum

70 2559 122 2680 qui
134 2549 447 2700 iiiftffsiiriiieli
454 2545 1006 2700 Ptiieitlweiinimiifflllm
1026 2627 1058 2685 e
1078 2625 1192 2687 natus
1213 2626 1268 2704 qu

70 2706 204 2767 nascitur
232 2707 368 2768 Latinus
395 2709 548 2782 nascatur,
580 2725 770 2784 quamquam
797 2706 836 2766 ad
865 2727 925 2782 eos,
956 2707 1011 2784 qui
1040 2706 1134 2767 hodic
1162 2707 1267 2769 Latini

71 2786 282 2864 nominantur,
311 2789 362 2850 lex
396 2787 523 2849 Minicia
557 2807 623 2848 non
657 2788 815 2866 pertinct;
850 2807 926 2848 nam
960 2788 1268 2864 comprehenduntur

70 2867 191 2942 quidem
206 2870 445 2948 peregrinorum
458 2869 667 2948 appellatione
681 2869 715 2928 in
728 2888 765 2928 ca
778 2869 845 2947 lege
858 2889 926 2944 esces,
942 2873 1006 2943 dc,
1022 2872 1074 2929 &c

109 2949 228 3026 15115
245 2954 271 3014 b.
295 2951 330 3013 Si
343 2954 449 3012 tumen
462 2951 576 3012 mulier
584 2953 714 3026 fiduciae
727 2967 825 3025 cauea,
841 2953 902 3025 duc,
919 2955 973 3011 &c-
990 2995 997 3011 .
1014 2993 1045 3010 ..

108 3033 160 3108 l§
189 3039 257 3094 118.
287 3053 363 3094 uam
390 3034 526 3094 feminae
554 3053 572 3093 a
599 3033 888 3108 complanatorem
914 3032 1013 3092 codem
1038 3032 1122 3092 modo
1143 3037 1267 3108 resumi

70 3113 238 3191 mancipari
274 3135 336 3194 quo
370 3115 460 3175 liberi
486 3134 505 3174 a
531 3116 659 3192 parente
687 3113 926 3190 mancipantur;
960 3112 1037 3172 adeo
1064 3113 1199 3190 quidem,
1228 3117 1266 3175 ut

69 3197 207 3266 quamuis
222 3197 340 3257 casola
359 3198 439 3272 apisci
454 3199 720 3273 complanatorem
727 3195 813 3271 silice
825 3196 884 3256 loco
901 3197 948 3270 eit,
965 3213 1046 3272 quae
1061 3195 1091 3254 oi
1106 3199 1199 3270 nupta
1215 3197 1263 3271 eit,

69 3271 170 3337 umen
183 3280 277 3340 nitrio
290 3280 397 3352 minuc,
414 3282 467 3339 duc.

109 3359 121 3412 l
138 3357 152 3433 ξ
169 3363 237 3422 122.
262 3359 406 3437 Namque
414 3358 515 3420 veluti
523 3377 602 3421 caece
615 3359 732 3420 libratos
744 3362 836 3433 uacat,
852 3363 881 3419 ct
894 3357 1039 3434 dupundii
1051 3355 1187 3434 bilibres,
1198 3359 1262 3436 dra,

69 3435 118 3496 &c
131 3459 159 3511 3.
177 3485 184 3502 .
201 3487 209 3502 .
223 3442 428 3520 quamobrem
442 3442 493 3516 qui
507 3443 596 3502 abac
607 3441 684 3516 oliae,
700 3443 763 3517 duc,
779 3443 835 3501 dic.

111 3517 154 3593 15
172 3527 240 3584 132.
262 3523 307 3582 At
322 3523 376 3582 the
394 3523 464 3598 eud,
482 3523 519 3583 cf.
537 3523 621 3600 Epit.
642 3527 666 3597 1,
684 3525 711 3596 6,
728 3528 755 3582 3.
799 3521 918 3582 'I'amen
939 3538 1012 3580 oum
1035 3519 1129 3580 tertio
1149 3519 1265 3580 manci·

69 3599 156 3670 patus
175 3603 272 3664 fuerit
292 3604 377 3664 iilius
397 3625 416 3665 a
435 3606 522 3681 patre
542 3603 675 3664 naturali
695 3603 854 3664 fiduciario
874 3601 964 3680 patri,
983 3602 1043 3662 hoc
1063 3620 1151 3678 agere
1172 3601 1265 3662 debet

70 3681 217 3745 naturalis
238 3689 335 3762 pater,
358 3686 478 3745 uteie
497 3683 659 3746 fiduciario
678 3689 765 3762 patre
783 3684 1014 3761 remancipetur
1034 3683 1066 3742 et
1085 3702 1104 3742 a
1125 3683 1263 3744 naturali

70 3761 152 3832 Pttrc
164 3767 417 3843 manumittatur,
435 3769 472 3827 ut
488 3769 515 3828 si
532 3767 618 3827 filius
638 3765 693 3826 illo
711 3769 856 3826 mortuus
870 3765 974 3841 fuerit,
991 3765 1021 3824 ei
1039 3765 1074 3824 in
1092 3763 1262 3827 hereditate

69 3843 217 3908 naturalis
230 3851 327 3927 pater,
345 3867 409 3908 nou
422 3848 609 3924 fiduciarius,
625 3849 775 3909 succedat

112 3925 274 4001 15132u.
302 3931 350 4006 Ei,
377 3929 430 4008 qui
454 3929 589 3990 libemm
614 3931 743 4007 caputc
767 3947 860 3988 causa
882 3925 1032 4004 mancipii
1052 3927 1260 4003 manumittit,

69 4002 169 4068 eadam
181 4010 253 4087 jura
265 4012 300 4072 iu
315 4012 384 4089 ejus
399 4011 490 4072 bonis
503 4013 684 4089 competere,
700 4030 778 4089 quae
786 4015 915 4086 patrono
929 4013 962 4070 in
975 4011 1056 4069 boec
1072 4009 1170 4069 liberti
1182 4028 1262 4069 com·

70 4087 195 4165 litium
216 4095 265 4153 for
283 4093 339 4154 the
363 4093 538 4153 remainder
558 4093 593 4154 of
609 4093 663 4153 the
683 4091 698 4168 §
718 4092 756 4152 cf.
783 4091 867 4167 Epit
892 4095 917 4166 1,
941 4091 1021 4166 653
1043 4090 1190 4151 Feminae
1209 4090 1262 4151 vol

69 4173 191 4242 nepotes
203 4175 334 4235 masculi
347 4193 386 4234 ex
403 4174 470 4234 filio
486 4194 550 4234 una
567 4173 814 4250 emancipatione
831 4171 869 4232 de
888 4171 987 4250 patris
1005 4171 1058 4233 vel
1076 4172 1127 4232 avi
1147 4175 1263 4232 exeunt

69 4249 216 4318 potetate
232 4260 265 4316 ot
283 4257 332 4318 sui
349 4256 430 4334 juris
448 4255 632 4316 efficiuntur.
676 4255 719 4316 Et
735 4255 770 4315 hi
789 4253 851 4331 ipsi
871 4253 1045 4332 quamlibet
1066 4272 1128 4313 una
1148 4253 1264 4313 manci·

69 4329 189 4399 latione
212 4336 250 4397 de
273 4339 371 4415 patris
391 4337 443 4400 vol
468 4337 519 4397 avi
539 4339 692 4415 potestate
715 4338 835 4409 exeant,
862 4336 923 4396 nisi
945 4355 964 4395 a
986 4337 1073 4413 patre
1100 4334 1261 4395 fiduciario

69 4417 268 4494 remancipati
295 4418 413 4480 fuerint
439 4421 473 4479 et
499 4437 519 4478 a
542 4418 678 4479 naturali
700 4421 787 4496 patre
811 4417 1006 4490 manumissi,
1029 4415 1192 4476 succedere
1215 4415 1261 4476 eis

69 4493 215 4559 naturalis
234 4503 322 4578 pater
342 4521 406 4562 non
425 4502 535 4579 potest,
551 4500 615 4561 nisi
634 4499 856 4575 fiduciarius,a
876 4519 939 4577 quo
959 4497 1147 4558 manumissi
1166 4499 1241 4558 sunt
1251 4520 1259 4573 3
